@book{horowitz1989art,
  title={The art of electronics},
  author={Horowitz, Paul and Hill, Winfield and Robinson, Ian},
  volume={2},
  year={1989},
  publisher={Cambridge university press Cambridge}
}

@inproceedings{btor2,
  title={Btor2, btormc and boolector 3.0},
  author={Niemetz, Aina and Preiner, Mathias and Wolf, Clifford and Biere, Armin},
  booktitle={International Conference on Computer Aided Verification},
  pages={587--595},
  year={2018},
  organization={Springer}
}

@article{DBLP:journals/jsat/NiemetzPB14,
  author    = {Aina Niemetz and
               Mathias Preiner and
               Armin Biere},
  title     = {Boolector 2.0},
  journal   = {J. Satisf. Boolean Model. Comput.},
  volume    = {9},
  number    = {1},
  pages     = {53--58},
  year      = {2014},
  url       = {https://doi.org/10.3233/sat190101},
  doi       = {10.3233/sat190101},
  biburl    = {https://dblp.org/rec/journals/jsat/NiemetzPB14.bib},
  bibsource = {dblp computer science bibliography, https://dblp.org}
}

@misc{gh:rotor,
  author = {Kirsch, Christoph},
  month = {8},
  url = {http://selfie.cs.uni-salzburg.at/},
  year = {2024},
  title = {selfie}
}

@software{Peter_hyperfine_2023,
  author = {Peter, David},
  license = {MIT},
  month = mar,
  title = {{hyperfine}},
  url = {https://github.com/sharkdp/hyperfine},
  version = {1.16.1},
  year = {2023}
}
